@article{san2014numerical,
  title={Numerical assessments of high-order accurate shock capturing schemes: Kelvin--Helmholtz type vortical structures in high-resolutions},
  author={San, Omer and Kara, Kursat},
  journal={Computers \& Fluids},
  volume={89},
  pages={254--276},
  year={2014},
  publisher={Elsevier}
}

@article{maulik2018explicit,
  title={Explicit and implicit LES closures for Burgers turbulence},
  author={Maulik, Romit and San, Omer},
  journal={Journal of Computational and Applied Mathematics},
  volume={327},
  pages={12--40},
  year={2018},
  publisher={Elsevier}
}
